@inproceedings{Niculescu05,
  author    = {Alexandru Niculescu-Mizil and R. Caruana},
  title     = {Predicting Good Probabilities with Supervised Learning},
  booktitle = {Proceedings of the 22nd International Conference on Machine Learning (ICML)},
  pages     = {625--632},
  year      = {2005}
}

@inproceedings{Guo17,
  author    = {Chuan Guo and Gideon Pleiss and Yu Sun and Kilian Q. Weinberger},
  title     = {On Calibration of Modern Neural Networks},
  booktitle = {Proceedings of the 34th International Conference on Machine Learning (ICML)},
  pages     = {1321--1330},
  year      = {2017}
}

@incollection{Platt99,
  author    = {John C. Platt},
  title     = {Probabilistic Outputs for Support Vector Machines and Comparisons to Regularized Likelihood Methods},
  booktitle = {Advances in Large Margin Classifiers},
  pages     = {61--74},
  publisher = {MIT Press},
  year      = {1999}
}

@inproceedings{Zadrozny02,
  author    = {Bianca Zadrozny and Charles Elkan},
  title     = {Transforming Classifier Scores into Accurate Multiclass Probability Estimates},
  booktitle = {Proceedings of the 8th ACM SIGKDD International Conference on Knowledge Discovery and Data Mining (KDD)},
  pages     = {694--699},
  year      = {2002}
}

@article{Arora12,
  author  = {Sanjeev Arora and Elad Hazan and Satyen Kale},
  title   = {The Multiplicative Weights Update Method: A Meta-Algorithm and Applications},
  journal = {Theory of Computing},
  volume  = {8},
  number  = {1},
  pages   = {121--164},
  year    = {2012}
}

@article{Foster18,
  author  = {Dean Foster and Alexander Rakhlin and Karthik Sridharan},
  title   = {Blackwell Approachability and No-Regret Learning Are Equivalent},
  journal = {Journal of Machine Learning Research},
  volume  = {19},
  number  = {12},
  pages   = {1--67},
  year    = {2018}
}

@inproceedings{Kull19,
  author    = {Mihkel Kull and Telmo M. Silva Filho and Peter Flach},
  title     = {Beyond Temperature Scaling: Obtaining Well-Calibrated Multi-Class Probabilities with {Dirichlet} Calibration},
  booktitle = {Advances in Neural Information Processing Systems (NeurIPS)},
  pages     = {12316--12326},
  year      = {2019}
}

@article{Cover91,
  author  = {Thomas M. Cover},
  title   = {Universal Portfolios},
  journal = {Mathematical Finance},
  volume  = {1},
  number  = {1},
  pages   = {1--29},
  year    = {1991}
}

@inproceedings{Agarwal18,
  author    = {Alekh Agarwal and Miroslav Dud{\'i}k and Zaid Soudry},
  title     = {Learning from Conditional Distributions via Dual Formulation},
  booktitle = {Proceedings of the 35th International Conference on Machine Learning (ICML)},
  pages     = {77--86},
  year      = {2018}
}